@article{Phillips:05,
    title = {{Modulation-induced frequency shifts in a coherent-population-trapping-based atomic clock}},
    year = {2005},
    journal = {J. Opt. Soc. Am. B},
    author = {Phillips, David F and Novikova, Irina and Wang, Christine Y.-T. and Walsworth, Ronald L and Crescimanno, Michael},
    number = {2},
    month = {2},
    pages = {305--310},
    volume = {22},
    publisher = {OSA},
    url = {http://josab.osa.org/abstract.cfm?URI=josab-22-2-305},
    doi = {10.1364/JOSAB.22.000305},
    keywords = {Coherent optical effects; Line shapes and shifts;, modulation}
}

@incollection{5423,
    title = {{Coherent population trapping in laser spectroscopy}},
    year = {1996},
    booktitle = {Progress in Optics},
    author = {Arimondo, E},
    editor = {Wolf, E},
    edition = {1},
    pages = {257--354},
    volume = {35},
    publisher = {Elsevier, Amsterdam},
    url = {http://www.df.unipi.it/gruppi/arimondo/documents/EA157.pdf},
    organization = {Elsevier, Amsterdam}
}

@inproceedings{unknown,
    title = {{Evaluation of Smart Grid and Civilian UAV Vulnerability to GPS Spoofing Attacks}},
    year = {2012},
    booktitle = {ION GNSS Conference},
    author = {P Shepard, Daniel and Bhatti, Jahshan and E Humphreys, Todd and A Fansler, Aaron}
}

@article{article,
    title = {{Performance Evaluation of the Effect of Noise Power Jammer on the Mobile Bluetooth Network}},
    year = {2014},
    journal = {International journal of Computer Networks {\&} Communications},
    author = {H. M. Aldlawie, Adil and A. QasMarrogy, Ghassan},
    volume = {6}
}

@article{articleb,
    title = {{The SA.45S Chip-Scale Atomic Clock-early production statistics}},
    year = {2011},
    journal = {43rd Annual Precise Time and Time Interval Systems and Applications Meeting 2011},
    author = {Lutwak, R},
    pages = {207--219}
}

@inproceedings{KnappeChip-ScaleClock,
    title = {{Chip-Scale Atomic Clock}},
    author = {Knappe, Svenja},
    pages = {1--52},
    url = {ftp://tycho.usno.navy.mil/pub/TimeAndNavigation/CSACS_Svenja.Knappe.pdf}
}

@incollection{Knappe2007MEMSClocks,
    title = {{MEMS Atomic Clocks}},
    year = {2007},
    booktitle = {Comprehensive Microsystems},
    author = {Knappe, Svenja},
    pages = {571--612},
    volume = {3},
    publisher = {Elsevier B.V.}
}

@inproceedings{Mileti2017IntroductionClocks,
    title = {{Introduction to Atomic Clocks}},
    year = {2017},
    booktitle = {European Frequency and Time Seminar},
    author = {Mileti, Gaetano}
}

@article{LombardiM.A.andHeavnerT.PandJefferts2007NISTSI,
    title = {{NIST Primary Frequency Standards and the Realization of the SI}},
    year = {2007},
    journal = {The Journal of Measurement Science},
    author = {Lombardi, M. A. and Heavner, T. P and Jefferts, S. R.},
    number = {4},
    pages = {74--89},
    volume = {2},
    url = {https://tf.nist.gov/general/pdf/2039.pdf}
}

@article{Guena2012ProgressLNE-SYRTE,
    title = {{Progress in atomic fountains at LNE-SYRTE}},
    year = {2012},
    journal = {IEEE Transactions on Ultrasonics, Ferroelectrics and Frequency Control},
    author = {Guena, J. and Abgrall, M. and Rovera, D. and Laurent, P. and Chupin, B. and Lours, M. and Santarelli, G. and Rosenbusch, P. and Tobar, M. E. and {Ruoxin Li} and Gibble, K. and Clairon, A. and Bize, S.},
    number = {3},
    month = {3},
    pages = {391--409},
    volume = {59},
    url = {http://ieeexplore.ieee.org/document/6174184/},
    doi = {10.1109/TUFFC.2012.2208},
    issn = {0885-3010}
}

@article{Lombardi2002NISTServices,
    title = {{NIST Time and Frequency Services}},
    year = {2002},
    journal = {NIST Special Publication Edition},
    author = {Lombardi, M. A.},
    number = {432},
    url = {https://www.nist.gov/sites/default/files/documents/2017/04/28/SP-432-NIST-Time-and-Frequency-Services-2012-02-13.pdf}
}

@article{Margolis2014TimekeepersFuture,
    title = {{Timekeepers of the future}},
    year = {2014},
    journal = {Nature Physics},
    author = {Margolis, Helen},
    number = {2},
    month = {2},
    pages = {82--83},
    volume = {10},
    url = {http://www.nature.com/articles/nphys2834},
    doi = {10.1038/nphys2834},
    issn = {1745-2473}
}

@article{Gill2011WhenSecond,
    title = {{When should we change the definition of the second?}},
    year = {2011},
    journal = {Philosophical transactions. Series A, Mathematical, physical, and engineering sciences},
    author = {Gill, Patrick},
    number = {1953},
    month = {10},
    pages = {4109--30},
    volume = {369},
    publisher = {The Royal Society},
    url = {http://www.ncbi.nlm.nih.gov/pubmed/21930568},
    doi = {10.1098/rsta.2011.0237},
    issn = {1364-503X},
    pmid = {21930568}
}

@article{Godun2017TransportableTimes,
    title = {{Transportable Clocks Move with the Times}},
    year = {2017},
    journal = {Phys. Rev. Lett.},
    author = {Godun, Rachel M.},
    number = {11},
    month = {2},
    volume = {10},
    url = {https://link.aps.org/doi/10.1103/Physics.10.11},
    doi = {10.1103/Physics.10.11},
    issn = {1943-2879}
}

@article{Margolis2010OpticalClocks,
    title = {{Optical frequency standards and clocks}},
    year = {2010},
    journal = {Contemporary Physics},
    author = {Margolis, H. S.},
    number = {1},
    pages = {37--58},
    volume = {51},
    isbn = {0010-7514},
    doi = {10.1080/00107510903257616},
    issn = {00107514},
    keywords = {Optical clocks, Optical frequency standards}
}

@inproceedings{Lutwak2002TheInterrogation,
    title = {{The Chip-Scale Atomic Clock â€“ Coherent Population Trapping Conventional Interrogation}},
    year = {2002},
    booktitle = {34th Annual Precise Time and Time Interval (PTTI) Meeting},
    author = {Lutwak, R and Emmons, D and Riley, W and Garvey, R. M},
    pages = {539--550}
}

@inproceedings{Fruehauf2001FastClock.,
    title = {{Fast "direct P(Y)" GPS signal aquisition using a special portable clock.}},
    year = {2001},
    booktitle = {33rd Anual Precise Time and Time Interval (PTTI) Meeting.},
    author = {Fruehauf, H.},
    pages = {359--369},
    address = {Long Beach, CA}
}

@inproceedings{LutwakR.DengJ.RileyW.andVargheseM.2004ThePackage,
    title = {{The Chip-Scale Atomic Clock- Low-Power Physics Package}},
    year = {2004},
    booktitle = {Proceedings of the 36th Annual Precise Time and Time Interval Systems and Applications Meeting},
    author = {Lutwak, R., Deng, J., Riley, W., and Varghese, M., et al.},
    pages = {339--353}
}

@techreport{DARPA2016Broad,
    title = {{Broad Agency Announcement: Atomic Clock with Enhanced Stability ( ACES )}},
    year = {2016},
    author = {{DARPA}},
    pages = {1--40}
}

@inproceedings{Lutwak2011PrinciplesClocks,
    title = {{Principles of Atomic Clocks}},
    year = {2011},
    booktitle = {Ifcs-Eftf 2011},
    author = {Lutwak, Robert},
    url = {http://www.ieee-uffc.org/frequency-control/learning/pdf/Lutwak_AtomicClocks_Tutorial_pdf.pdf}
}

@article{Sherlock2009HowSpectroscopy,
    title = {{How weak is a weak probe in laser spectroscopy?}},
    year = {2009},
    journal = {American Journal of Physics},
    author = {Sherlock, Ben E. and Hughes, Ifan G.},
    number = {2},
    pages = {111--115},
    volume = {77},
    url = {http://aapt.scitation.org/doi/10.1119/1.3013197},
    doi = {10.1119/1.3013197},
    issn = {0002-9505}
}

@article{Borges2017InfluenceTrapping,
    title = {{Influence of the asymmetric excited state decay on coherent population trapping}},
    year = {2017},
    journal = {Scientific Reports},
    author = {Borges, H. S. and Oliveira, M. H. and Villas-Boas, C. J.},
    number = {7132},
    month = {12},
    pages = {1--8},
    volume = {7},
    publisher = {Nature Publishing Group},
    url = {http://www.nature.com/articles/s41598-017-06755-2},
    doi = {10.1038/s41598-017-06755-2},
    issn = {2045-2322},
    keywords = {Humanities and Social Sciences, Science, multidisciplinary}
}

@phdthesis{Purves2006AbsorptionInterferometery,
    title = {{Absorption and Dispersion in Atomic Vapours: Applications to Interferometery}},
    year = {2006},
    author = {Purves, G. T.},
    pages = {43--45},
    school = {University of Durgam}
}

@article{Borges2017InfluenceTrappingb,
    title = {{Influence of the asymmetric excited state decay on coherent population trapping}},
    year = {2017},
    journal = {Scientific Reports},
    author = {Borges, H. S. and Oliveira, M. H. and Villas-Boas, C. J.},
    number = {1},
    month = {12},
    pages = {7132},
    volume = {7},
    publisher = {Nature Publishing Group},
    url = {http://www.nature.com/articles/s41598-017-06755-2},
    doi = {10.1038/s41598-017-06755-2},
    issn = {2045-2322},
    keywords = {Humanities and Social Sciences, Science, multidisciplinary}
}

@article{Khan2017CoherentEIT,
    title = {{Coherent population trapping (CPT) versus electromagnetically induced transparency (EIT)}},
    year = {2017},
    journal = {The European Physical Journal D},
    author = {Khan, Sumanta and Kumar, Molahalli Panidhara and Bharti, Vineet and Natarajan, Vasant},
    number = {2},
    month = {2},
    pages = {38},
    volume = {71},
    publisher = {Springer Berlin Heidelberg},
    url = {http://link.springer.com/10.1140/epjd/e2017-70676-x},
    doi = {10.1140/epjd/e2017-70676-x},
    issn = {1434-6060}
}

@article{Fleischhauer2005ElectromagneticallyMedia,
    title = {{Electromagnetically induced transparency: Optics in coherent media}},
    year = {2005},
    journal = {Reviews of Modern Physics},
    author = {Fleischhauer, Michael and Imamoglu, Atac and Marangos, Jonathan P.},
    number = {2},
    month = {7},
    pages = {633--673},
    volume = {77},
    publisher = {American Physical Society},
    url = {https://link.aps.org/doi/10.1103/RevModPhys.77.633},
    doi = {10.1103/RevModPhys.77.633},
    issn = {0034-6861}
}

@article{Wang2014ReviewTrapping,
    title = {{Review of chip-scale atomic clocks based on coherent population trapping}},
    year = {2014},
    journal = {Chinese Physics B},
    author = {Wang, Zhong},
    number = {3},
    month = {3},
    pages = {030601},
    volume = {23},
    publisher = {IOP Publishing},
    url = {http://stacks.iop.org/1674-1056/23/i=3/a=030601?key=crossref.61352c5aa78d18a36b093232af4408a5},
    doi = {10.1088/1674-1056/23/3/030601},
    issn = {1674-1056}
}

@incollection{Lombardi2001AnCalibrations,
    title = {{An Introduction to Frequency Calibrations}},
    year = {2001},
    booktitle = {NIST Frequency Measurement and Analysis System: Operator's Manual},
    author = {Lombardi, M. A.},
    chapter = {Appendix A},
    pages = {55--84},
    url = {https://tf.nist.gov/service/pdf/calibrations.pdf}
}

@article{Fernandez2017CSACPerformance.,
    title = {{CSAC Characterization and Its Impact on GNSS Clock Augmentation Performance.}},
    year = {2017},
    journal = {Sensors (Basel, Switzerland)},
    author = {Fern{\'{a}}ndez, Enric and Calero, David and Par{\'{e}}s, M EulÃ lia},
    number = {2},
    month = {2},
    volume = {17},
    publisher = {Multidisciplinary Digital Publishing Institute  (MDPI)},
    url = {http://www.ncbi.nlm.nih.gov/pubmed/28216600 http://www.pubmedcentral.nih.gov/articlerender.fcgi?artid=PMC5336046},
    doi = {10.3390/s17020370},
    issn = {1424-8220},
    pmid = {28216600},
    keywords = {CSAC, GNSS, atomic clock, calibration, clock augmentation, navigation, steering}
}

@inproceedings{LutwakRandEmmonsDEnglishTRiley2003TheProgress,
    title = {{The Chip-Scale Atomic Clock - Recent Development Progress}},
    year = {2003},
    booktitle = {Proceedings of the 34th Annual Precise Time and Time Interval Systems Applications Meeting},
    author = {Lutwak, R and Emmons, D English, T Riley, W et al.},
    pages = {1--12},
    address = {San Diego, California}
}

@article{Steck1998CesiumData,
    title = {{Cesium D Line Data}},
    year = {1998},
    author = {Steck, Daniel A},
    url = {http://steck.us/alkalidata/cesiumnumbers.1.6.pdf}
}

@article{Knappe2004AClock,
    title = {{A microfabricated atomic clock}},
    year = {2004},
    journal = {Applied Physics Letters},
    author = {Knappe, Svenja and Shah, Vishal and Schwindt, Peter D. D. and Hollberg, Leo and Kitching, John and Liew, Li-Anne and Moreland, John},
    number = {9},
    month = {8},
    pages = {1460--1462},
    volume = {85},
    publisher = {American Institute of Physics},
    url = {http://aip.scitation.org/doi/10.1063/1.1787942},
    doi = {10.1063/1.1787942},
    issn = {0003-6951},
    keywords = {atomic clocks, micro-optics, micromechanical devices, self-assembly}
}

@inproceedings{GerginovComponent-levelReference,
    title = {{Component-level demonstration of a microfabricated atomic frequency reference}},
    booktitle = {Proceedings of the 2005 IEEE International Frequency Control Symposium and Exposition, 2005.},
    author = {Gerginov, V. and Knappe, S. and Schwindt, P.D.D. and Shah, V. and Liew, L. and Moreland, J. and Robinson, H.G. and Hollberg, L. and Kitching, J. and Brannon, A. and Breitbarth, J. and Popovic, Z.},
    pages = {758--766},
    publisher = {IEEE},
    url = {http://ieeexplore.ieee.org/document/1574030/},
    isbn = {0-7803-9053-9},
    doi = {10.1109/FREQ.2005.1574030}
}

@inproceedings{GerginovComponent-levelReferenceb,
    title = {{Component-level demonstration of a microfabricated atomic frequency reference}},
    booktitle = {Proceedings of the 2005 IEEE International Frequency Control Symposium and Exposition, 2005.},
    author = {Gerginov, V. and Knappe, S. and Schwindt, P.D.D. and Shah, V. and Liew, L. and Moreland, J. and Robinson, H.G. and Hollberg, L. and Kitching, J. and Brannon, A. and Breitbarth, J. and Popovic, Z.},
    pages = {758--766},
    publisher = {IEEE},
    url = {http://ieeexplore.ieee.org/document/1574030/},
    isbn = {0-7803-9053-9},
    doi = {10.1109/FREQ.2005.1574030}
}

@inproceedings{Gerginov2005Component-levelReference,
    title = {{Component-level demonstration of a microfabricated atomic frequency reference}},
    year = {2005},
    booktitle = {Proceedings of the IEEE International Frequency Control Symposium and Exposition},
    author = {Gerginov, V. and Knappe, S. and Schwindt, P. D.D. and Shah, V. and Liew, L. and Moreland, J. and Robinson, H. G. and Hollberg, L. and Kitching, J. and Brannon, A. and Breitbarth, J. and Popovic, Z.},
    pages = {758--766},
    volume = {2005},
    isbn = {0780390539},
    doi = {10.1109/FREQ.2005.1574030},
    pmid = {1574030}
}

@article{Kitching2002MiniatureReference,
    title = {{Miniature Vapor-Cell Atomic Frequency Reference}},
    year = {2002},
    journal = {Applied Physics Letters},
    author = {Kitching, John E. and Knappe, Svenja A. and Hollberg, Leo W.},
    volume = {81},
    url = {https://www.nist.gov/publications/miniature-vapor-cell-atomic-frequency-reference}
}

@inproceedings{DeNatale2008CompactClock,
    title = {{Compact, low-power chip-scale atomic clock}},
    year = {2008},
    booktitle = {2008 IEEE/ION Position, Location and Navigation Symposium},
    author = {DeNatale, J.F. and Borwick, R.L. and Tsai, C. and Stupar, P.A. and Lin, Y. and Newgard, R.A. and Berquist, R.W. and Zhu, M.},
    pages = {67--70},
    publisher = {IEEE},
    url = {http://ieeexplore.ieee.org/document/4570007/},
    isbn = {978-1-4244-1536-6},
    doi = {10.1109/PLANS.2008.4570007}
}

@inproceedings{LutwakR.RashedA.Varghese2007TheEvaluation,
    title = {{The Chip-Scale Atomic Clock- Prototype Evaluation}},
    year = {2007},
    booktitle = {Proceedings of the 39th Annual Precise Time and Time Interval Meeting},
    author = {Lutwak, R., Rashed, A., Varghese, M. et al.},
    pages = {269--290},
    address = {Long Beach, CA}
}

@inproceedings{Youngner2007AClock,
    title = {{A Manufacturable Chip-Scale Atomic Clock}},
    year = {2007},
    booktitle = {TRANSDUCERS 2007 - 2007 International Solid-State Sensors, Actuators and Microsystems Conference},
    author = {Youngner, D. W. and Lust, L. M. and Carlson, D. R. and Lu, S. T. and Forner, L. J. and Chanhvongsak, H. M. and Stark, T. D.},
    pages = {39--44},
    publisher = {IEEE},
    url = {http://ieeexplore.ieee.org/document/4300066/},
    isbn = {1-4244-0841-5},
    doi = {10.1109/SENSOR.2007.4300066}
}

@inproceedings{LutwakTheClock,
    title = {{The MAC - A miniature atomic clock}},
    booktitle = {Proceedings of the 2005 IEEE International Frequency Control Symposium and Exposition, 2005.},
    author = {Lutwak, R. and Vlitas, P. and Varghes, M. and Mescher, M. and Serkland, D.K. and Peake, G.M.},
    pages = {752--757},
    publisher = {IEEE},
    url = {http://ieeexplore.ieee.org/document/1574029/},
    isbn = {0-7803-9053-9},
    doi = {10.1109/FREQ.2005.1574029}
}

@techreport{Coffed2014TheUtility,
    title = {{The Threat of GPS Jamming: The Risk to an Information Utility}},
    year = {2014},
    author = {Coffed, Jeff},
    pages = {1--11},
    institution = {EXELIS}
}

@techreport{Sicsik-PareE.BoimeG.andFisherCombiningBenefits,
    title = {{Combining GPS based Precise Timing and Accurate Navigation requirement benefits}},
    author = {Sicsik-Pare, E., Boime, G., and Fisher, J.},
    pages = {1--6}
}

@inproceedings{Krawinkel2014ApplicationPositioning,
    title = {{Application of miniaturized atomic clocks in kinematic GNSS single point positioning}},
    year = {2014},
    booktitle = {2014 European Frequency and Time Forum (EFTF)},
    author = {Krawinkel, Thomas and Schon, Steffen and Bauch, Andreas},
    month = {6},
    pages = {97--100},
    publisher = {IEEE},
    url = {http://ieeexplore.ieee.org/lpdocs/epic03/wrapper.htm?arnumber=7331436},
    isbn = {978-1-4799-5252-6},
    doi = {10.1109/EFTF.2014.7331436}
}

@inproceedings{Calero2016PositioningSystems,
    title = {{Positioning performance of chip-scale atomic clock GNSS augmentation systems}},
    year = {2016},
    booktitle = {2016 8th ESA Workshop on Satellite Navigation Technologies and European Workshop on GNSS Signals and Signal Processing (NAVITEC)},
    author = {Calero, David and Fernandez, Enric and Pares, M. Eulalia},
    month = {12},
    pages = {1--7},
    publisher = {IEEE},
    url = {http://ieeexplore.ieee.org/document/7849326/},
    isbn = {978-1-5090-3885-5},
    doi = {10.1109/NAVITEC.2016.7849326}
}

@inproceedings{Gardner2012AdvancementsOscillators,
    title = {{Advancements in high-performance timing for long term underwater experiments: A comparison of chip scale atomic clocks to traditional microprocessor-compensated crystal oscillators}},
    year = {2012},
    booktitle = {2012 Oceans},
    author = {Gardner, A. T. and Collins, J. A.},
    month = {10},
    pages = {1--8},
    publisher = {IEEE},
    url = {http://ieeexplore.ieee.org/document/6404847/},
    isbn = {978-1-4673-0829-8},
    doi = {10.1109/OCEANS.2012.6404847}
}

@inproceedings{Gardner2016ATiming,
    title = {{A second look at Chip Scale Atomic Clocks for long term precision timing}},
    year = {2016},
    booktitle = {OCEANS 2016 MTS/IEEE Monterey},
    author = {Gardner, Alan T. and Collins, John A.},
    month = {9},
    pages = {1--9},
    publisher = {IEEE},
    url = {http://ieeexplore.ieee.org/document/7761268/},
    isbn = {978-1-5090-1537-5},
    doi = {10.1109/OCEANS.2016.7761268}
}

@article{Douahi2007VapourStandard,
    title = {{Vapour microcell for chip scale atomic frequency standard}},
    year = {2007},
    journal = {Electronics Letters},
    author = {Douahi, A. and Nieradko, L. and Beugnot, J.C. and Dziuban, J. and Maillote, H. and Guerandel, S. and Moraja, M. and Gorecki, C. and Giordano, V.},
    number = {5},
    pages = {279},
    volume = {43},
    url = {http://digital-library.theiet.org/content/journals/10.1049/el_20070147},
    doi = {10.1049/el:20070147},
    issn = {00135194}
}

@inproceedings{Maleki2010All-opticalClock,
    title = {{All-optical integrated atomic clock}},
    year = {2010},
    booktitle = {2010 IEEE International Frequency Control Symposium},
    author = {Maleki, L. and Ilchenko, V. S. and Mohageg, M. and Matsko, A. B. and Savchenkov, A. A. and Seidel, D. and Wells, N. P. and Camparo, J. C. and Jaduszliwer, B.},
    month = {6},
    pages = {119--124},
    publisher = {IEEE},
    url = {http://ieeexplore.ieee.org/document/5556362/},
    isbn = {978-1-4244-6399-2},
    doi = {10.1109/FREQ.2010.5556362}
}

@inproceedings{Maleki2011All-OpticalClock,
    title = {{All-Optical Integrated rubidium Atomic Clock}},
    year = {2011},
    booktitle = {2011 Joint Conference of the IEEE International Frequency Control and the European Frequency and Time Forum (FCS) Proceedings},
    author = {Maleki, L. and Savchenkov, A. A. and Ilchenko, V. S. and Liang, W. and Eliyahu, D. and Matsko, A. B. and Seidel, D. and Wells, N. P. and Camparo, J. C. and Jaduszliwer, B.},
    month = {5},
    pages = {1--5},
    publisher = {IEEE},
    url = {http://ieeexplore.ieee.org/document/5977304/},
    isbn = {978-1-61284-111-3},
    doi = {10.1109/FCS.2011.5977304}
}